<?xml version="1.0" encoding="UTF-8"?><record xmlns="http://www.loc.gov/MARC21/slim" xmlns:cinclude="http://apache.org/cocoon/include/1.0" xmlns:zs="http://www.loc.gov/zing/srw/">
  <leader>00680cz  a2200181n  4500</leader>
  <controlfield tag="001">nr 95005696 </controlfield>
  <controlfield tag="003">DLC</controlfield>
  <controlfield tag="005">20090322075735.0</controlfield>
  <controlfield tag="008">950213nc acannaabn          |b aaa      </controlfield>
  <datafield tag="010" ind1=" " ind2=" ">
    <subfield code="a">nr 95005696 </subfield>
  </datafield>
  <datafield tag="035" ind1=" " ind2=" ">
    <subfield code="a">(OCoLC)oca03773102</subfield>
  </datafield>
  <datafield tag="040" ind1=" " ind2=" ">
    <subfield code="a">DLC-R</subfield>
    <subfield code="b">eng</subfield>
    <subfield code="c">DLC-R</subfield>
    <subfield code="d">OCoLC</subfield>
  </datafield>
  <datafield tag="100" ind1="1" ind2=" ">
    <subfield code="a">Hou, Zhengting,</subfield>
    <subfield code="d">1924-1990</subfield>
  </datafield>
  <datafield tag="400" ind1="1" ind2=" ">
    <subfield code="w">nne</subfield>
    <subfield code="a">Hou, Cheng-tʻing,</subfield>
    <subfield code="d">1924-1990</subfield>
  </datafield>
  <datafield tag="400" ind1="1" ind2=" ">
    <subfield code="a">侯政廷,</subfield>
    <subfield code="d">1924-1990</subfield>
  </datafield>
  <datafield tag="667" ind1=" " ind2=" ">
    <subfield code="a">Machine-derived non-Latin script reference project.</subfield>
  </datafield>
  <datafield tag="667" ind1=" " ind2=" ">
    <subfield code="a">Non-Latin script reference not evaluated.</subfield>
  </datafield>
  <datafield tag="670" ind1=" " ind2=" ">
    <subfield code="a">Hou Cheng-tʻing hsien sheng chi nien chi, 1991:</subfield>
    <subfield code="b">t.p. (Hou Cheng-tʻing) p. 152, etc. (b. 1924; d. Apr. 1990 at age 67 in Taipei; Taiwan enterpreneur)</subfield>
  </datafield>
</record>